@article{bengio2003neural,
	title={A neural probabilistic language model},
	author={Bengio, Yoshua and Ducharme, R{\'e}jean and Vincent, Pascal and Jauvin, Christian},
	journal={Journal of machine learning research},
	volume={3},
	number={Feb},
	pages={1137--1155},
	year={2003}
}
@inproceedings{pennington2014glove,
	title={Glove: Global vectors for word representation},
	author={Pennington, Jeffrey and Socher, Richard and Manning, Christopher},
	booktitle={Proceedings of the 2014 conference on empirical methods in natural language processing (EMNLP)},
	pages={1532--1543},
	year={2014}
}
@article{scikit-learn,
	title={Scikit-learn: Machine Learning in {P}ython},
	author={Pedregosa, F. and Varoquaux, G. and Gramfort, A. and Michel, V.
	and Thirion, B. and Grisel, O. and Blondel, M. and Prettenhofer, P.
	and Weiss, R. and Dubourg, V. and Vanderplas, J. and Passos, A. and
	Cournapeau, D. and Brucher, M. and Perrot, M. and Duchesnay, E.},
	journal={Journal of Machine Learning Research},
	volume={12},
	pages={2825--2830},
	year={2011}
}
@inproceedings{morin2005hierarchical,
	title={Hierarchical Probabilistic Neural Network Language Model.},
	author={Morin, Frederic and Bengio, Yoshua},
	booktitle={Aistats},
	volume={5},
	pages={246--252},
	year={2005}
}


@book{Goodfellow-et-al-2016,
	title={Deep Learning},
	author={Ian Goodfellow and Yoshua Bengio and Aaron Courville},
	publisher={MIT Press},
	note={\url{http://www.deeplearningbook.org}},
	year={2016}
}
@book{Nielsen,
	title={Neural Networks and Deep Learning},
	author={Michael Nielsen},
	note={http://neuralnetworksanddeeplearning.com},
	year={2017}
}
@misc{lecKernel,
	title={CS 391 Machine Learning Lecture Slides: Support Vector Machine },
	author={Raymond J. Mooney},
	year={2007}
	
	}
@article{blum2006random,
	title={Random projection, margins, kernels, and feature-selection},
	author={Blum, Avrim},
	journal={Lecture notes in computer science},
	volume={3940},
	pages={52},
	year={2006},
	publisher={Springer}
}
@article{johnson1984extensions,
	title={Extensions of Lipschitz mappings into a Hilbert space},
	author={Johnson, William B and Lindenstrauss, Joram},
	journal={Contemporary mathematics},
	volume={26},
	number={189-206},
	pages={1},
	year={1984}
}
@inproceedings{dasgupta2000experiments,
	title={Experiments with random projection},
	author={Dasgupta, Sanjoy},
	booktitle={Proceedings of the Sixteenth conference on Uncertainty in artificial intelligence},
	pages={143--151},
	year={2000},
	organization={Morgan Kaufmann Publishers Inc.}
}
@inproceedings{achlioptas2001database,
	title={Database-friendly random projections},
	author={Achlioptas, Dimitris},
	booktitle={Proceedings of the twentieth ACM SIGMOD-SIGACT-SIGART symposium on Principles of database systems},
	pages={274--281},
	year={2001},
	organization={ACM}
}
@inproceedings{scholkopf1997kernel,
	title={Kernel principal component analysis},
	author={Sch{\"o}lkopf, Bernhard and Smola, Alexander and M{\"u}ller, Klaus-Robert},
	booktitle={International Conference on Artificial Neural Networks},
	pages={583--588},
	year={1997},
	organization={Springer}
}
@article{wang2012kernel,
	title={Kernel principal component analysis and its applications in face recognition and active shape models},
	author={Wang, Quan},
	journal={arXiv preprint arXiv:1207.3538},
	year={2012}
}
@article{scholkopf1998nonlinear,
	title={Nonlinear component analysis as a kernel eigenvalue problem},
	author={Sch{\"o}lkopf, Bernhard and Smola, Alexander and M{\"u}ller, Klaus-Robert},
	journal={Neural computation},
	volume={10},
	number={5},
	pages={1299--1319},
	year={1998},
	publisher={MIT Press}
}
@misc{neuron,
	author = {Ujjwal Karn},
	title = {A Quick Introduction to Neural Networks},
	url = {https://ujjwalkarn.me/2016/08/09/quick-intro-neural-networks/},
	year={2016}
}
@incollection{lecun2012efficient,
	title={Efficient backprop},
	author={LeCun, Yann A and Bottou, L{\'e}on and Orr, Genevieve B and M{\"u}ller, Klaus-Robert},
	booktitle={Neural networks: Tricks of the trade},
	pages={9--48},
	year={2012},
	publisher={Springer}
}

@inproceedings{li2006very,
	title={Very sparse random projections},
	author={Li, Ping and Hastie, Trevor J and Church, Kenneth W},
	booktitle={Proceedings of the 12th ACM SIGKDD international conference on Knowledge discovery and data mining},
	pages={287--296},
	year={2006},
	organization={ACM}
}
@inproceedings{dagher2010incremental,
	title={Incremental pca-lda algorithm},
	author={Dagher, Issam},
	booktitle={Computational Intelligence for Measurement Systems and Applications (CIMSA), 2010 IEEE International Conference on},
	pages={97--101},
	year={2010},
	organization={IEEE}
}
@article{zhao2006novel,
	title={A novel incremental principal component analysis and its application for face recognition},
	author={Zhao, Haitao and Yuen, Pong Chi and Kwok, James T},
	journal={IEEE Transactions on Systems, Man, and Cybernetics, Part B (Cybernetics)},
	volume={36},
	number={4},
	pages={873--886},
	year={2006},
	publisher={IEEE}
}

@article{ross2008incremental,
	title={Incremental learning for robust visual tracking},
	author={Ross, David A and Lim, Jongwoo and Lin, Ruei-Sung and Yang, Ming-Hsuan},
	journal={International Journal of Computer Vision},
	volume={77},
	number={1},
	pages={125--141},
	year={2008},
	publisher={Springer}
}
@article{levey2000sequential,
	title={Sequential Karhunen-Loeve basis extraction and its application to images},
	author={Levey, A and Lindenbaum, Michael},
	journal={IEEE Transactions on Image processing},
	volume={9},
	number={8},
	pages={1371--1374},
	year={2000},
	publisher={IEEE}
}



@inproceedings{bingham2001random,
	title={Random projection in dimensionality reduction: applications to image and text data},
	author={Bingham, Ella and Mannila, Heikki},
	booktitle={Proceedings of the seventh ACM SIGKDD international conference on Knowledge discovery and data mining},
	pages={245--250},
	year={2001},
	organization={ACM}
}

@article{DBLP:journals/corr/Rong14,
	author    = {Xin Rong},
	title     = {word2vec Parameter Learning Explained},
	journal   = {CoRR},
	volume    = {abs/1411.2738},
	year      = {2014},
	url       = {http://arxiv.org/abs/1411.2738},
	timestamp = {Wed, 07 Jun 2017 14:43:03 +0200},
	biburl    = {http://dblp.uni-trier.de/rec/bib/journals/corr/Rong14},
	bibsource = {dblp computer science bibliography, http://dblp.org}
}


@article{bojanowski2016enriching,
	title={Enriching word vectors with subword information},
	author={Bojanowski, Piotr and Grave, Edouard and Joulin, Armand and Mikolov, Tomas},
	journal={arXiv preprint arXiv:1607.04606},
	year={2016}
}
@article{goldberg2014word2vec,
	title={word2vec Explained: deriving Mikolov et al.'s negative-sampling word-embedding method},
	author={Goldberg, Yoav and Levy, Omer},
	journal={arXiv preprint arXiv:1402.3722},
	year={2014}
}
@inproceedings{mikolov2013distributed,
	title={Distributed representations of words and phrases and their compositionality},
	author={Mikolov, Tomas and Sutskever, Ilya and Chen, Kai and Corrado, Greg S and Dean, Jeff},
	booktitle={Advances in neural information processing systems},
	pages={3111--3119},
	year={2013}
}
@article{DBLP:journals/corr/MikolovSCCD13,
	author    = {Tomas Mikolov and
	Ilya Sutskever and
	Kai Chen and
	Greg Corrado and
	Jeffrey Dean},
	title     = {Distributed Representations of Words and Phrases and their Compositionality},
	journal   = {CoRR},
	volume    = {abs/1310.4546},
	year      = {2013},
	url       = {http://arxiv.org/abs/1310.4546},
	timestamp = {Wed, 07 Jun 2017 14:40:03 +0200},
	biburl    = {http://dblp.uni-trier.de/rec/bib/journals/corr/MikolovSCCD13},
	bibsource = {dblp computer science bibliography, http://dblp.org}
}
@article{mikolov2013efficient,
	title={Efficient estimation of word representations in vector space},
	author={Mikolov, Tomas and Chen, Kai and Corrado, Greg and Dean, Jeffrey},
	journal={arXiv preprint arXiv:1301.3781},
	year={2013}
}
@incollection{martins2006string,
	title={String kernels and similarity measures for information retrieval},
	author={Martins, Andr{\'e}},
	booktitle={Technical Report},
	year={2006}
}

@misc{bauc, 
	author = {Christian Bauckhage },
	title = {Lecture: Pattern Recognition},
	howpublished = "\url{https://sites.google.com/site/bitpatternrecognition/home/lecture-notes}",
	year = {2016}, 
}
@article{knauer2011directed,
	title={The directed Hausdorff distance between imprecise point sets},
	author={Knauer, Christian and L{\"o}ffler, Maarten and Scherfenberg, Marc and Wolle, Thomas},
	journal={Theoretical Computer Science},
	volume={412},
	number={32},
	pages={4173--4186},
	year={2011},
	publisher={Elsevier}
}
@article{davies1979cluster,
	title={A cluster separation measure},
	author={Davies, David L and Bouldin, Donald W},
	journal={IEEE transactions on pattern analysis and machine intelligence},
	number={2},
	pages={224--227},
	year={1979},
	publisher={IEEE}
}

@article{shlens2014tutorial,
  title={A tutorial on principal component analysis},
  author={Shlens, Jonathon},
  journal={arXiv preprint arXiv:1404.1100},
  year={2014}
}
@inproceedings{kondrak2005n,
	title={N-gram similarity and distance},
	author={Kondrak, Grzegorz},
	booktitle={International Symposium on String Processing and Information Retrieval},
	pages={115--126},
	year={2005},
	organization={Springer}
}
@book{Scholkopf:2001:LKS:559923,
	author = {Scholkopf, Bernhard and Smola, Alexander J.},
	title = {Learning with Kernels: Support Vector Machines, Regularization, Optimization, and Beyond},
	year = {2001},
	isbn = {0262194759},
	publisher = {MIT Press},
	address = {Cambridge, MA, USA},
} 
@article{blum2006random,
	title={Random projection, margins, kernels, and feature-selection},
	author={Blum, Avrim},
	publisher={Springer}
	year={2014}
}
@misc{tensorflow2015-whitepaper,
	title={ {TensorFlow}: Large-Scale Machine Learning on Heterogeneous Systems},
	url={https://www.tensorflow.org/},
	note={Software available from tensorflow.org},
	author={
	Mart\'{\i}n~Abadi and
	Ashish~Agarwal and
	Paul~Barham and
	Eugene~Brevdo and
	Zhifeng~Chen and
	Craig~Citro and
	Greg~S.~Corrado and
	Andy~Davis and
	Jeffrey~Dean and
	Matthieu~Devin and
	Sanjay~Ghemawat and
	Ian~Goodfellow and
	Andrew~Harp and
	Geoffrey~Irving and
	Michael~Isard and
	Yangqing Jia and
	Rafal~Jozefowicz and
	Lukasz~Kaiser and
	Manjunath~Kudlur and
	Josh~Levenberg and
	Dan~Man\'{e} and
	Rajat~Monga and
	Sherry~Moore and
	Derek~Murray and
	Chris~Olah and
	Mike~Schuster and
	Jonathon~Shlens and
	Benoit~Steiner and
	Ilya~Sutskever and
	Kunal~Talwar and
	Paul~Tucker and
	Vincent~Vanhoucke and
	Vijay~Vasudevan and
	Fernanda~Vi\'{e}gas and
	Oriol~Vinyals and
	Pete~Warden and
	Martin~Wattenberg and
	Martin~Wicke and
	Yuan~Yu and
	Xiaoqiang~Zheng},
	year={2015},
}
